@ARTICLE{5535166,
  author={T. {Sauter}},
  journal={IEEE Transactions on Industrial Electronics}, 
  title={The Three Generations of Field-Level Networks—Evolution and Compatibility Issues}, 
  year={2010},
  volume={57},
  number={11},
  pages={3585-3595},
  doi={10.1109/TIE.2010.2062473}}


@book{Foster:2004,
author = {Foster, Ian and Kesselman, Carl},
edition = {2nd},
isbn = {978-1558609334},
keywords = {Grid},
mendeley-groups = {willner-proposal,willner-dfg,paper-2014-oscon,paper-2014-trescimo,phd-thesis,paper-2015-fiddle,paper-2015-fiteagle,paper-2015-tosca,paper-2015-iswc},
pages = {748},
publisher = {Morgan Kaufmann},
title = {{The Grid 2: Blueprint for a New Computing Infrastructure}},
year = {2003}
}

@misc{rfc748,
  author="M.R. Crispin",
  title="{Telnet randomly-lose option}",
  series="Request for Comments",
  number="748",
  howpublished="RFC 748",
  publisher="IETF",
  organization="Internet Engineering Task Force",
  year=1978,
  month=apr,
  day="1",  
  url="http://www.ietf.org/rfc/rfc748.txt",
}

@misc{rfc5841,
  author="R. Hay and W. Turkal",
  title="{TCP Option to Denote Packet Mood}",
  series="Request for Comments",
  number="5841",
  howpublished="RFC 5841 (Informational)",
  publisher="IETF",
  organization="Internet Engineering Task Force",
  year=2010,
  month=apr,
  day="1",  
  url="http://www.ietf.org/rfc/rfc5841.txt",
}

@article{Gavras:2007:FIR:1273445.1273460,
address = {New York, NY, USA},
author = {Gavras, Anastasius and Karila, Arto and Fdida, Serge and May, Martin and Potts, Martin},
doi = {10.1145/1273445.1273460},
issn = {0146-4833},
journal = {ACM SIGCOMM Computer Communication Review},
keywords = {experimentation,future internet,network architecture,network neutrality,situated and autonomic communications,testbed},
number = {3},
pages = {89--92},
publisher = {ACM},
title = {{Future Internet Research and Experimentation: The FIRE Initiative}},
url = {http://doi.acm.org/10.1145/1273445.1273460},
volume = {37},
year = {2007}
}


 
 
@article{Seijo2019,
isbn = {9781538649206},
journal = {2018 IEEE Globecom Workshops, GC Wkshps 2018 - Proceedings},
keywords = {5G,IEEE 802.11,IoT,Real-Time Communications,SHARP,URLLC,WLAN,mMTC,wireless TSN},
pages = {2--8},
title = {{SHARP: Towards the Integration of Time-Sensitive Communications in Legacy LAN/WLAN}},
year = {2019}
}


@article{Neumann2018,
author = {Neumann, Arne and Wisniewski, Lukasz and Ganesan, Rakash Sivasiva and Rost, Peter and Jasperneite, Jurgen},
isbn = {9781538610664},
journal = {IEEE International Workshop on Factory Communication Systems - Proceedings, WFCS},
keywords = {5G,Hybrid networks,Industrial Ethernet,Industrial communication,Network configuration,TSN},
pages = {1--4},
title = {{Towards integration of Industrial Ethernet with 5G mobile networks}},
volume = {2018-June},
year = {2018}
}


@article{Chang2018,
author = {Chang, Hung Cheng and Qiu, Bo Jun and Chiu, Chen Hao and Chen, Jyh Cheng and Lin, Fuchun Joseph and {De La Bastida}, David and Lin, Bao Shuh Paul},
doi = {10.1109/NOMS.2018.8406141},
 
isbn = {9781538634165},
journal = {IEEE/IFIP Network Operations and Management Symposium: Cognitive Management in a Cyber World, NOMS 2018},
keywords = {5G,Docker,EPC,IoT,KVM,M2M,NFV,Open5GCore,Open5GMTC,Virtualization},
pages = {1--6},
publisher = {IEEE},
title = {{Performance evaluation of Open5GCore over KVM and Docker by using Open5GMTC}},
year = {2018}
}
@article{Striffler2019,
author = {Striffler, Tobias and Michailow, Nicola and Bahr, Michael},
doi = {10.1109/5GWF.2019.8911720},
file = {:home/redstar/masterarbeit/23501/Time-Sensitive Networking in 5th Generation
Cellular Networks – Current State and Open Topics 08911720.pdf:pdf},
isbn = {9781728136271},
journal = {IEEE 5G World Forum, 5GWF 2019 - Conference Proceedings},
keywords = {3GPP,5G,IEEE 802.1,Industry 4.0,TSN,Wireless},
publisher = {IEEE},
title = {{Time-sensitive networking in 5th generation cellular networks-current state and open topics}},
year = {2019}
}
   
   
   
  




@article{Mannweiler2020,
author = {Mannweiler, Christian and Gajic, Borislava and Rost, Peter and Ganesan, Rakash S. and Markwart, Christian and Halfmann, R{\"{u}}diger and Gebert, Jens and Wich, Andreas},
isbn = {9783800749614},
journal = {24. ITG-Symposium on Mobile Communication - Technologies and Applications},
pages = {64--69},
title = {{Reliable and deterministic mobile communications for industry 4.0: Key challenges and solutions for the integration of the 3GPP 5G system with IEEE time-sensitive networking}},
year = {2020}
}








 @article{khoshnevisan20195g,
  title={5G industrial networks with CoMP for URLLC and time sensitive network architecture},
  author={Khoshnevisan, Mostafa and Joseph, Vinay and Gupta, Piyush and Meshkati, Farhad and Prakash, Rajat and Tinnakornsrisuphap, Peerapol},
  journal={IEEE Journal on Selected Areas in Communications},
  volume={37},
  number={4},
  pages={947--959},
  year={2019},
  publisher={IEEE}
}



@article{banchs20195g,
  title={A 5G Mobile Network Architecture to Support Vertical Industries},
  author={Banchs, Albert and Gutierrez-Estevez, David M and Fuentes, Manuel and Boldi, Mauro and Provvedi, Silvia},
  journal={IEEE Communications Magazine},
  volume={57},
  number={12},
  pages={38--44},
  year={2019},
  publisher={IEEE}
}


@inproceedings{falk2019nesting,
  title={NeSTiNg: Simulating IEEE time-sensitive networking (TSN) in OMNeT++},
  author={Falk, Jonathan and Hellmanns, David and Carabelli, Ben and Nayak, Naresh and D{\"u}rr, Frank and Kehrer, Stephan and Rothermel, Kurt},
  booktitle={2019 International Conference on Networked Systems (NetSys)},
  pages={1--8},
  year={2019},
  organization={IEEE}
}


@incollection{virdis2015simulating,
  title={Simulating lte/lte-advanced networks with simulte},
  author={Virdis, Antonio and Stea, Giovanni and Nardini, Giovanni},
  booktitle={Simulation and Modeling Methodologies, Technologies and Applications},
  pages={83--105},
  year={2015},
  publisher={Springer}
}


@article{Ginthor2019,
author = {Ginthor, David and {Von Hoyningen-Huene}, Johannes and Guillaume, Rene and Schotten, Hans},
doi = {10.1109/ICII.2019.00044},
isbn = {9781728129778},
journal = {Proceedings - IEEE International Conference on Industrial Internet Cloud, ICII 2019},
keywords = {5G-NR,Industry-4.0,Scheduling,TSN},
number = {Icii},
pages = {190--199},
title = {{Analysis of multi-user scheduling in a TSN-enabled 5G system for industrial applications}},
year = {2019}
}



@article{itu20172412,
  title={2412: Guidelines for Evaluation of Radio Interface Technologies for IMT-2020},
  author={ITU, M},
  journal={Report ITU},
  year={2017}
}


 
@article{IECIEEE60802,
  title={60802: TSN Profile for Industrial Automation},
  author={IEC-IEEE 60802},
  journal={Report IEC-IEEE},
  year={2019}
}


@book{ring2012wireless,
  title={Wireless real-time communication for industrial automation systems in simulation and reality},
  author={Ring, Felix and Mahmood, Aneeq and Wisniewski, Lukasz and Trsek, Henning},
  year={2012},
  publisher={na}
}







@article{thomesse2005fieldbus,
  title={Fieldbus technology in industrial automation},
  author={Thomesse, J-P},
  journal={Proceedings of the IEEE},
  volume={93},
  number={6},
  pages={1073--1101},
  year={2005},
  publisher={IEEE}
}




@INPROCEEDINGS{8368523,  author={M. L. {Raagaard} and P. {Pop} and M. {Gutiérrez} and W. {Steiner}},  booktitle={2017 IEEE Fog World Congress (FWC)},   title={Runtime reconfiguration of time-sensitive networking (TSN) schedules for Fog Computing},   year={2017},  volume={},  number={},  pages={1-6},  doi={10.1109/FWC.2017.8368523}}


@incollection{ROMMER2020111,
title = "Chapter 6 - Session management",
editor = "Stefan Rommer and Peter Hedman and Magnus Olsson and Lars Frid and Shabnam Sultana and Catherine Mulligan",
booktitle = "5G Core Networks",
publisher = "Academic Press",
pages = "111 - 136",
year = "2020",
isbn = "978-0-08-103009-7",
doi = "https://doi.org/10.1016/B978-0-08-103009-7.00006-5",
url = "http://www.sciencedirect.com/science/article/pii/B9780081030097000065",
author = "Stefan Rommer and Peter Hedman and Magnus Olsson and Lars Frid and Shabnam Sultana and Catherine Mulligan",
keywords = "5G, 5G core, 5G network, PDU session, Connectivity, User plane, Session management, Service and session continuity, Edge computing, LADN, UPF",
abstract = "This chapter describes one of the key components of the 5G System—session management toward the UE and the UPF. It outlines how 5GS manages connectivity services in a flexible manner in order to support a variety of new use cases. It provides in-depth description of the user plane management and architectures including different PDU session types, how the user plane is controlled as well as the mechanisms used to provide efficient user plane connectivity."
}


 
@online{open5gs,
    author = "Sukchan Lee",
    title = "Open source project of 5GC and EPC (Release-16)",
    url  ="https://open5gs.org/open5gs",
    addendum = "(accessed:Sep 28, 2020)",
    keywords = "latex,Lee"
}


@online{5GPDUSessionEstablish18102018,
    author = "Prasanna Sahu",
    title = "Sahu: Technical Product Manager at Viavi Solutions 2019",
    url  ="http://5gblogs.com/5g-pdu-session-establishment/",
    addendum = "(accessed: 18.10.2020)",
    keywords = "latex,Sahu"
}

@online{Free5gc2019,
    author = "Hsiaotsui Chen",
    title = "Open-source project for 5th generation (5G) mobile core networks 2019",
    url  ="https://free5gc.org/",
    addendum = "(accessed: January 2019)",
    keywords = "latex,Chen"
}

 

@online{openairinterface2014,
    author = "OpenAirInterface Software Alliance",
    title = "OpenAirInterface | 5G software alliance for democratising wireless innovation 2014",
    url  ="https://openairinterface.org/",
    addendum = "(accessed: January 2021)",
    keywords = "latex,Eurecom"
}



@online{Githubfree5gc2019,
    author = "Hsiaotsui Chen",
    title = "Open-source project for 5th generation (5G) mobile core networks",
    url  ="https://github.com/free5gc/free5gc",
    addendum = "(accessed:Sep 28, 2020)",
    keywords = "latex,Chen"
}




@online{embeddedcomputing2020,
    author = "Jordon Woods",
    title = "Time Sensitive Networking: Five Ways the IEEE Standards Will Advance Industry 4.0",
    url  ="
https://www.embeddedcomputing.com/application/networking-5g/ethernet-serial/time-sensitive-networking-five-ways-the-ieee-standards-will-advance-industry-4-0",
    addendum = "(accessed:Jul 09, 2020)",
    keywords = "latex,Woods"
}



@online{opensuse2021,
    author = "Melissa Di Donato",
    title = "SUSE Software Solutions Germany GmbH",
    url  ="https://software.opensuse.org",
    addendum = "(accessed:2021)",
    keywords = "latex,Donato"
}


@online{osmocom2019,
    author = "Jean-Philippe Lang",
    title = "Open-source project for 5th generation (5G) mobile core networks",
    url  ="https://osmocom.org/",
    addendum = "(accessed:2019)",
    keywords = "latex,Lang"
}


@ARTICLE{7883994,  author={M. {Wollschlaeger} and T. {Sauter} and J. {Jasperneite}},  journal={IEEE Industrial Electronics Magazine},   title={The Future of Industrial Communication: Automation Networks in the Era of the Internet of Things and Industry 4.0},   year={2017},  volume={11},  number={1},  pages={17-27},  doi={10.1109/MIE.2017.2649104}}

 @article{kagermann2013recommendations,
  title={Recommendations for implementing the strategic initiative Industrie 4.0: Final report of the Industrie 4.0 Working Group},
  author={Kagermann, Henning and Wahlster, Wolfgang and Helbig, Johannes and others},
  journal={Forschungsunion: Berlin, Germany},
  year={2013}
}



@misc{alliance2018white,
  title={White paper-5G for connected industries and automation},
  author={Alliance, G},
  year={2018},
  publisher={November}
}


@article{series2017minimum,
  title={Minimum requirements related to technical performance for IMT-2020 radio interface (s)},
  author={Series, M},
  journal={Report},
  pages={2410--0},
  year={2017}
}


@article{gardiner2018avnu,
  title={The Avnu alliance theory of operation for TSN-enabled industrial systems},
  author={Gardiner, Eric},
  journal={IEEE Communications Standards Magazine},
  volume={2},
  number={1},
  pages={5--5},
  year={2018},
  publisher={IEEE}
}

@inproceedings{wisniewski2012fast,
  title={Fast and simple scheduling algorithm for PROFINET IRT networks},
  author={Wisniewski, Lukasz and Schumacher, Markus and Jasperneite, Juergen and Schriegel, Sebastian},
  booktitle={2012 9th IEEE International Workshop on Factory Communication Systems},
  pages={141--144},
  year={2012},
  organization={IEEE}
}




@inproceedings{bello2014novel,
  title={Novel trends in automotive networks: A perspective on Ethernet and the IEEE Audio Video Bridging},
  author={Bello, Lucia Lo},
  booktitle={Proceedings of the 2014 IEEE Emerging Technology and Factory Automation (ETFA)},
  pages={1--8},
  year={2014},
  organization={IEEE}
}


@inproceedings{martenvormfelde2020simulation,
  title={A Simulation Model for Integrating 5G into Time Sensitive Networking as a Transparent Bridge},
  author={Martenvormfelde, Lukas and Neumann, Arne and Wisniewski, Lukasz and Jasperneite, J{\"u}rgen},
  booktitle={2020 25th IEEE International Conference on Emerging Technologies and Factory Automation (ETFA)},
  volume={1},
  pages={1103--1106},
  year={2020},
  organization={IEEE}
}
 
 
 
@online{3gpp2018study,
  author="J. M. Meredith et al.",
  title="3GPP Technical Report 22.804 Version 1.0.0: Study on Communication for Automation in Vertical domains (CAV)",
  url="https://www.3gpp.org/DynaReport/22804.htm",
  addendum = "(Online; accessed May 15, 2018)",
  organization="3GPP",
  year="2017",
}

@online{5G_Tech_Spec_Group_Ser2018study,
  author="G. Std.,",
  title="3GPP: Technical Specification Group Services and System Aspects: System Architecture for the 5G System,",
  organization="3GPP TR 23.501, vol. V15.2.0,",
  year="2018",
} 
 

  
@online{ITU_TG82751_study,
  author="ITU-T  G.8275.1,",
  title="Precision time protocol telecom profile for phase/time synchronization with full timing support from the network,",
  url="https://www.itu.int/rec/T-REC-G.8275.1/en",
  organization="ITU-T,"
} 
 

@article{rancy2016imt,
  title={IMT for 2020 and beyond},
  author={Rancy, Fran{\c{c}}ois},
  journal={5G Outlook-Innovations and Applications},
  pages={69},
  year={2016},
  publisher={River Publishers}
}


 
@online{Gsma_5G_implguid_study,
  title="5G implementation guidelines,",
  url="https://www.gsma.com/futurenetworks/wiki/5g-implementation-guidelines/#8cb93af06277b80cf7b9805cf9960882",
  organization="GSMA ,",
  year="2019",
} 



@online{TSN2019_study,
  title="Time-Sensitive Networking (TSN) Task Group,",
  url="https://1.ieee802.org/tsn/,",
  addendum = "(accessed on February 3, 2021)",
  organization="IEEE ,",
  year="2019",
}





@inproceedings{danielis2014survey,
  title={Survey on real-time communication via ethernet in industrial automation environments},
  author={Danielis, Peter and Skodzik, Jan and Altmann, Vlado and Schweissguth, Eike Bjoern and Golatowski, Frank and Timmermann, Dirk and Schacht, Joerg},
  booktitle={Proceedings of the 2014 IEEE Emerging Technology and Factory Automation (ETFA)},
  pages={1--8},
  year={2014},
  organization={IEEE}
}


@inproceedings{shoshani2010industrial,
  title={Industrial Fieldbus technology and Fieldbus cable overview—Cable standards and electrical qualifications},
  author={Shoshani, Gil and Mitschke, Stephen and Stephan, Stan},
  booktitle={2010 Record of Conference Papers Industry Applications Society 57th Annual Petroleum and Chemical Industry Conference (PCIC)},
  pages={1--10},
  year={2010},
  organization={IEEE}
}


 
 
 @article{fuentes20205g,
  title={5G new radio evaluation against IMT-2020 key performance indicators},
  author={Fuentes, Manuel and Carcel, Jose Luis and Dietrich, Christiane and Yu, Lang and Garro, Eduardo and Pauli, Volker and Lazarakis, Fotis I and Gr{\o}ndalen, Ole and Bulakci, Oemer and Yu, Jian and others},
  journal={IEEE Access},
  volume={8},
  pages={110880--110896},
  year={2020},
  publisher={IEEE}
}



@article{5G_Ser_req_nex_gen2018study,
  title={5G Service requirements for next generation new services and markets,},
  author={G. T. 22.261,},
   addendum = "(version 15.5.0 Release 15 2018)",
  year={2018},
}



@article{5G_Sys_arch_5Gsystem2018study,
  title={5G: System architecture for the 5G system},
  author={ETSI,},
   addendum = "(3GPP ts 23.501 version 15.2.0 release 15),",
  year={Tech. Rep.,2018},
}

 
 
 @article{alliance20155g,
  title={5G white paper},
  author={Alliance, NGMN},
  journal={Next generation mobile networks, white paper},
  volume={1},
  year={2015}
}




@online{5gacia2021_study,
  title="  5G-ACIA White Paper Integration of 5G with Time-Sensitive Networking for Industrial Communications",
  url="https://www.5g-acia.org,",
  addendum = "(accessed on Feb.2021)",
  organization="5G Alliance for Connected Industries and Automation (5G-ACIA),",
  year="2021",
}



@inproceedings{givehchi2014control,
  title={Control-as-a-service from the cloud: A case study for using virtualized PLCs},
  author={Givehchi, Omid and Imtiaz, Jahanzaib and Trsek, Henning and Jasperneite, Juergen},
  booktitle={2014 10th IEEE Workshop on Factory Communication Systems (WFCS 2014)},
  pages={1--4},
  year={2014},
  organization={IEEE}
}





@article{bruckner2018opc,
  title={OPC UA TSN-A new solution for industrial communication},
  author={Bruckner, D and Blair, R and Stanica, M and Ademaj, A and Skeffington, W and Kutscher, D and Schriegel, S and Wilmes, R and Wachswender, K and Leurs, L and others},
  journal={Whitepaper. Shaper Group},
  volume={168},
  year={2018}
}


@inproceedings{gutierrez2017self,
  title={Self-configuration of IEEE 802.1 TSN networks},
  author={Guti{\'e}rrez, Marina and Ademaj, Astrit and Steiner, Wilfried and Dobrin, Radu and Punnekkat, Sasikumar},
  booktitle={2017 22nd IEEE International Conference on Emerging Technologies and Factory Automation (ETFA)},
  pages={1--8},
  year={2017},
  organization={IEEE}
}




@online{802.1Qcc2018study,
  title="802.1Qcc findings",
  url="https://www.ieee802.org,",
  organization="IEEE802,",
  author="Astrit Ademaj",
  year="Sep 2018" }



@article{kreifeldt2009avb,
  title={AVB for professional A/V use},
  author={Kreifeldt, Rick and Chang, Amy and Huotari, Allen J and Kim, Yong and Lewis, Kimberly and Stanton, Kevin B},
  journal={Whitepaper, Knorrstrasse},
  volume={147},
  pages={80788},
  year={2009}
}

@inproceedings{ahrenholz2010comparison,
  title={Comparison of CORE network emulation platforms},
  author={Ahrenholz, Jeff},
  booktitle={2010-Milcom 2010 Military Communications Conference},
  pages={166--171},
  year={2010},
  organization={IEEE}
}


 

@online{Eri_Gar_Theo_Oper_TSN2017study,
  title="Theory of Operation
  for TSN-enabled Systems Applied to Industrial Markets",
  url="https://avnu.org/knowledgebase/theory-of-operation/,",
  organization="Avnu Alliance,",
  author="Eric Gardiner",
  year="2017" }

@online{IntrIEEE802.1TSN_TaskG2017study,
  title="Introduction to IEEE 802.1 Focus on the Time-Sensitive Networking Task Group",
  url="https://www.ieee802.org/1/files/public/docs2017/tsn-farkas-intro-0517-v01.pdf,",
  organization="Ericsson,",
  author="János Farkas",
  year=" May 15, 2017" }



@article{Pr_ThomasMagedanzNGN2021study,
  title={Next generation network technologies & services (ngn).},
  author={Prof. Dr.-Ing. habil Thomas Magedanz,},
  journal={Whitepaper, Knorrstrasse},
  year={2009}
}



 @inproceedings{genc2019wi,
  title={Wi-Fi QoS enhancements for downlink operations in industrial automation using TSN},
  author={Genc, Eda and Del Carpio, Luis Felipe},
  booktitle={2019 15th IEEE International Workshop on Factory Communication Systems (WFCS)},
  pages={1--6},
  year={2019},
  organization={IEEE}
}


@inproceedings{demel2020burst,
  title={Burst error analysis of scheduling algorithms for 5G NR URLLC periodic deterministic communication},
  author={Demel, Johannes and Bockelmann, Carsten and Dekorsy, Armin},
  booktitle={2020 IEEE 91st Vehicular Technology Conference (VTC2020-Spring)},
  pages={1--6},
  year={2020},
  organization={IEEE}
}



@article{godor2020look,
  title={A Look Inside 5G Standards to Support Time Synchronization for Smart Manufacturing},
  author={Godor, Istvan and Luvisotto, Michele and Ruffini, Stefano and Wang, Kun and Patel, Dhruvin and Sachs, Joachim and Dobrijevic, Ognjen and Venmani, Daniel P and Le Moult, Olivier and Costa-Requena, Jose and others},
  journal={IEEE Communications Standards Magazine},
  volume={4},
  number={3},
  pages={14--21},
  year={2020},
  publisher={IEEE}
}




@article{mutalemwa2020classification,
  title={A Classification of the Enabling Techniques for Low Latency and Reliable Communications in 5G and Beyond: AI-Enabled Edge Caching},
  author={Mutalemwa, Lilian Charles and Shin, Seokjoo},
  journal={IEEE Access},
  volume={8},
  pages={205502--205533},
  year={2020},
  publisher={IEEE}
}


@article{Ericsson2019,
author = {J. Farkas and B. Varga , G. Miklós and J. Sachs},
keywords = {-etwork evolution,network platform,technology tr},
url="https://www.ericsson.com/en/reports-and-papers/ericsson-technology-review/articles/5g-tsn-integration-for-industrial-automation,",
pages = {1--11},
title = {5G-TSN integration meets networking requirements for industrial automation},
year = {2019}
}




@online{iperf2021,
  title="iPerf - The ultimate speed test tool for TCP, UDP and SCTP",
  url="https://iperf.fr/,",
  organization="Distributed Applications Support Team (DAST),",
  author="Jon Dugan - Seth Elliott - Bruce A. Mah - Jeff Poskanzer - Kaustubh Prabhu."
    }
    
 
@online{dstest2021,
  title="Developing Solutions, Inc.
Unique 3G/LTE/5GC Core Network Testing Solutions",
  url="https://www.developingsolutions.com/,",
  organization="Developing Solutions, Inc.,",
  year = {2009-2021}
    }
 
    
    