@inproceedings{uncited,
abstract = {do not delete - needed to identify not referenced entries},
address = {everything below this entry is not cited in the document},
annote = {everything below this entry is not cited in the document},
author = {Donald Dummy},
booktitle = {----------------------------------------------------------},
title = {----------------------------------------------------------},
year = {2011}
}

@misc{rfc:1149,
  author="D. Waitzman",
  title="{Standard for the transmission of IP datagrams on avian carriers}",
  series="Request for Comments",
  number="1149",
  howpublished="RFC 1149 (Experimental)",
  publisher="IETF",
  organization="Internet Engineering Task Force",
  year=1990,
  month=apr,
  day="1",  
  note="Updated by RFC 2549",
  url="http://www.ietf.org/rfc/rfc1149.txt",
}
